<?xml version="1.0" encoding="utf-8" ?>
<Document xmlns:xsi="http://www.w3.org/2001/XMLSchema-instance"
  xmlns:xsd="http://www.w3.org/2001/XMLSchema"
  xmlns="urn:iso:std:iso:20022:tech:xsd:camt.053.001.02"
  xsi:schemaLocation="urn:iso:std:iso:20022:tech:xsd:camt.053.001.02
  camt.053.001.02.xsd">
   <BkToCstmrStmt>
      <GrpHdr>
          <MsgId>201401030009999_20140104015504378</MsgId>
          <CreDtTm>2014-01-04T01:55:04.378+01:00</CreDtTm>
          <MsgRcpt>
             <Nm>ING Bank NV</Nm>
             <Id>
               <OrgId>
                 <Othr>
                    <Id>12345678</Id>
                  </Othr>
               </OrgId>
             </Id>
          </MsgRcpt>
        </GrpHdr>
       <Stmt>
          <Id>201401030009999</Id>
          <ElctrncSeqNb>03</ElctrncSeqNb>
          <CreDtTm>2014-01-04T01:55:04.378+01:00</CreDtTm>
          <FrToDt>
             <FrDtTm>2014-01-03T00:00:00</FrDtTm>
             <ToDtTm>2014-01-03T23:59:59</ToDtTm>
          </FrToDt>
          <Acct>
            <Id>
               <IBAN>NL08INGB0000001234</IBAN>
             </Id>
           <Tp>
               <Cd>CACC</Cd>
             </Tp>
             <Ccy>EUR</Ccy>
           <Ownr>
               <Nm>ING Bank NV</Nm>
             </Ownr>
           <Svcr>
              <FinInstnId>
                  <BIC>INGBNL2A</BIC>
               </FinInstnId>
             </Svcr>
          </Acct>
         <Bal>
           <Tp>
              <CdOrPrtry>
         <Cd>PRCD</Cd>
       </CdOrPrtry>
     </Tp>
     <Amt Ccy="EUR">1000.00</Amt>
     <CdtDbtInd>CRDT</CdtDbtInd>
   <Dt>
       <Dt>2014-01-02</Dt>
    </Dt>
  </Bal>
- <Bal>
   <Tp>
     <CdOrPrtry>
         <Cd>OPBD</Cd>
       </CdOrPrtry>
    </Tp>
    <Amt Ccy="EUR">1000.00</Amt>
    <CdtDbtInd>CRDT</CdtDbtInd>
   <Dt>
       <Dt>2014-01-03</Dt>
    </Dt>
  </Bal>
- <Bal>
   <Tp>
     <CdOrPrtry>
         <Cd>CLBD</Cd>
       </CdOrPrtry>
    </Tp>
    <Amt Ccy="EUR">1605.00</Amt>
    <CdtDbtInd>CRDT</CdtDbtInd>
   <Dt>
       <Dt>2014-01-03</Dt>
    </Dt>
  </Bal>
- <Bal>
   <Tp>
     <CdOrPrtry>
         <Cd>CLAV</Cd>
       </CdOrPrtry>
    </Tp>
    <Amt Ccy="EUR">1605.00</Amt>
    <CdtDbtInd>CRDT</CdtDbtInd>
   <Dt>
       <Dt>2014-01-03</Dt>
    </Dt>
  </Bal>
- <TxsSummry>
   <TtlNtries>
       <NbOfNtries>9</NbOfNtries>
       <Sum>1375.00</Sum>
    </TtlNtries>
   <TtlCdtNtries>
       <NbOfNtries>5</NbOfNtries>
       <Sum>990.00</Sum>
    </TtlCdtNtries>
   <TtlDbtNtries>
       <NbOfNtries>4</NbOfNtries>
       <Sum>385.00</Sum>
    </TtlDbtNtries>                       SEPA Credit Transfer (00100)
  </TxsSummry>
  <Ntry>
    <NtryRef>011111333306999888000000008</NtryRef>
    <Amt Ccy="JPY">1880</Amt>
    <CdtDbtInd>CRDT</CdtDbtInd>
    <Sts>BOOK</Sts>
   <BookgDt>
       <Dt>2014-01-03</Dt>
    </BookgDt>
   <ValDt>
       <Dt>2014-01-03</Dt>
    </ValDt>
    <AcctSvcrRef>59999208N9</AcctSvcrRef>
   <BkTxCd>
     <Domn>
         <Cd>PMNT</Cd>
        <Fmly>
            <Cd>RCDT</Cd>
               <SubFmlyCd>ESCT</SubFmlyCd>
         </Fmly>
       </Domn>
     <Prtry>
         <Cd>00100</Cd>
         <Issr>ING Group</Issr>
       </Prtry>
    </BkTxCd>
   <NtryDtls>
     <TxDtls>
        <RltdPties>
          <Dbtr>
               <Nm>D. Oker</Nm>
            </Dbtr>
          <DbtrAcct>
             <Id>
                  <IBAN>NL76INGB0594788005</IBAN>
               </Id>
             <Tp>
                  <Prtry>General</Prtry>
               </Tp>
            </DbtrAcct>
          </RltdPties>
        <RltdAgts>
           <DbtrAgt>
             <FinInstnId>
                  <BIC>INGBNL2A</BIC>
               </FinInstnId>
            </DbtrAgt>
          </RltdAgts>
        <RmtInf>
           <Strd>
             <CdtrRefInf>
                <Tp>
                   <CdOrPrtry>
                       <Cd>SCOR</Cd>
                     </CdOrPrtry>
                     <Issr>CUR</Issr>
                  </Tp>
                  <Ref>0010008346912014</Ref>
               </CdtrRefInf>
            </Strd>
          </RmtInf>
        <RltdDts>
            <TxDtTm>2014-01-03T19:07:37</TxDtTm>
          </RltdDts>
       </TxDtls>
    </NtryDtls>
  </Ntry>
  <Ntry>
    <NtryRef>011111333306999888000000019</NtryRef>
    <Amt Ccy="EUR">57.90</Amt>
    <CdtDbtInd>CRDT</CdtDbtInd>
    <Sts>BOOK</Sts>
   <BookgDt>
       <Dt>2014-01-04</Dt>
    </BookgDt>
   <ValDt>
       <Dt>2014-01-03</Dt>
    </ValDt>
    <AcctSvcrRef>59999208N9</AcctSvcrRef>
   <BkTxCd>
     <Domn>
         <Cd>PMNT</Cd>
        <Fmly>
            <Cd>RCDT</Cd>
               <SubFmlyCd>ESCT</SubFmlyCd>
         </Fmly>
       </Domn>
     <Prtry>
         <Cd>00100</Cd>
         <Issr>ING Group</Issr>
       </Prtry>
    </BkTxCd>
   <NtryDtls>
     <TxDtls>
        <RltdPties>
          <Dbtr>
               <Nm>P. Aquamarijn</Nm>
            </Dbtr>
          <DbtrAcct>
             <Id>
                  <IBAN>NL08INGB0212952803</IBAN>
               </Id>
             <Tp>
                  <Prtry>General</Prtry>
               </Tp>
            </DbtrAcct>
          </RltdPties>
        <RltdAgts>
           <DbtrAgt>
             <FinInstnId>
                  <BIC>INGBNL2A</BIC>
               </FinInstnId>
            </DbtrAgt>
          </RltdAgts>
        <RmtInf>
           <Strd>
             <CdtrRefInf>
                <Tp>
                   <CdOrPrtry>
                       <Cd>SCOR</Cd>
                     </CdOrPrtry>
                     <Issr>CUR</Issr>
                  </Tp>
                  <Ref>0010008346912088</Ref>
               </CdtrRefInf>
            </Strd>
          </RmtInf>
        <RltdDts>
            <TxDtTm>2014-01-03T19:07:37</TxDtTm>
          </RltdDts>
       </TxDtls>
    </NtryDtls>
  </Ntry>
  <Ntry>
    <NtryRef>022221333306999888222200112</NtryRef>
    <Amt Ccy="EUR">125.00</Amt>
    <CdtDbtInd>DBIT</CdtDbtInd>
    <Sts>BOOK</Sts>
   <BookgDt>
       <Dt>2014-01-03</Dt>
    </BookgDt>
   <ValDt>
       <Dt>2014-01-03</Dt>
    </ValDt>
    <AcctSvcrRef>98888208N8</AcctSvcrRef>
- <BkTxCd>
   <Domn>
        <Cd>PMNT</Cd>
      <Fmly>
          <Cd>RCDT</Cd>
          <SubFmlyCd>RRTN</SubFmlyCd>
        </Fmly>
     </Domn>
   <Prtry>
        <Cd>00190</Cd>
        <Issr>ING Group</Issr>
     </Prtry>
  </BkTxCd>
  <NtryDtls>
   <TxDtls>
      <RltdPties>
         <Dbtr>
             <Nm>ING Testrekening</Nm>
          </Dbtr>
         <DbtrAcct>
           <Id>
                <IBAN>NL08INGB0212952803</IBAN>
             </Id>
           <Tp>
                <Prtry>General</Prtry>
             </Tp>
          </DbtrAcct>
        </RltdPties>
      <RltdAgts>
         <DbtrAgt>
           <FinInstnId>
                <BIC>INGBNL2A</BIC>
             </FinInstnId>
          </DbtrAgt>
        </RltdAgts>
      <RmtInf>
          <Ustrd>UstrdRemiInf127881887INGB9</Ustrd>
        </RmtInf>
      <RltdDts>
          <TxDtTm>2014-01-03T15:00:00</TxDtTm>
        </RltdDts>
      <RtrInf>
         <Rsn>
             <Cd>AC04</Cd>
          </Rsn>
        </RtrInf>
     </TxDtls>
  </NtryDtls>
</Ntry>
  <Ntry>
    <NtryRef>011111333306999888000000755</NtryRef>
    <Amt Ccy="EUR">567.97</Amt>
    <CdtDbtInd>CRDT</CdtDbtInd>
    <Sts>BOOK</Sts>
   <BookgDt>
       <Dt>2014-01-04</Dt>
    </BookgDt>
   <ValDt>
       <Dt>2014-01-03</Dt>
    </ValDt>
    <AcctSvcrRef>59999208N4</AcctSvcrRef>
   <BkTxCd>
     <Domn>
         <Cd>PMNT</Cd>
        <Fmly>
            <Cd>RCDT</Cd>
               <SubFmlyCd>ESCT</SubFmlyCd>
         </Fmly>
       </Domn>
     <Prtry>
         <Cd>00100</Cd>
         <Issr>ING Group</Issr>
       </Prtry>
    </BkTxCd>
   <NtryDtls>
     <TxDtls>
        <RltdPties>
          <Dbtr>
               <Nm>P. Aquamarijn</Nm>
            </Dbtr>
          <DbtrAcct>
             <Id>
                  <IBAN>NL08INGB0212170098</IBAN>
               </Id>
             <Tp>
                  <Prtry>General</Prtry>
               </Tp>
            </DbtrAcct>
          </RltdPties>
        <RltdAgts>
           <DbtrAgt>
             <FinInstnId>
                  <BIC>INGBNL2A</BIC>
               </FinInstnId>
            </DbtrAgt>
          </RltdAgts>
        <RmtInf>
           <Strd>
             <CdtrRefInf>
                <Tp>
                   <CdOrPrtry>
                       <Cd>SCOR</Cd>
                     </CdOrPrtry>
                     <Issr>CUR</Issr>
                  </Tp>
                  <Ref>0010008346912088</Ref>
               </CdtrRefInf>
            </Strd>
          </RmtInf>
        <RltdDts>
            <TxDtTm>2014-01-03T19:07:37</TxDtTm>
          </RltdDts>
       </TxDtls>
    </NtryDtls>
  </Ntry>
  <Ntry>
    <NtryRef>011111333306999888000187763</NtryRef>
    <Amt Ccy="EUR">1957.90</Amt>
    <CdtDbtInd>CRDT</CdtDbtInd>
    <Sts>BOOK</Sts>
   <BookgDt>
       <Dt>2014-01-04</Dt>
    </BookgDt>
   <ValDt>
       <Dt>2014-01-03</Dt>
    </ValDt>
    <AcctSvcrRef>59999208N9</AcctSvcrRef>
   <BkTxCd>
     <Domn>
         <Cd>PMNT</Cd>
        <Fmly>
            <Cd>RCDT</Cd>
               <SubFmlyCd>ESCT</SubFmlyCd>
         </Fmly>
       </Domn>
     <Prtry>
         <Cd>00100</Cd>
         <Issr>ING Group</Issr>
       </Prtry>
    </BkTxCd>
   <NtryDtls>
     <TxDtls>
        <RltdPties>
          <Dbtr>
               <Nm>P. Aquamarijn</Nm>
            </Dbtr>
          <DbtrAcct>
             <Id>
                  <IBAN>NL08INGB0212952794</IBAN>
               </Id>
             <Tp>
                  <Prtry>General</Prtry>
               </Tp>
            </DbtrAcct>
          </RltdPties>
        <RltdAgts>
           <DbtrAgt>
             <FinInstnId>
                  <BIC>INGBNL2A</BIC>
               </FinInstnId>
            </DbtrAgt>
          </RltdAgts>
        <RmtInf>
           <Strd>
             <CdtrRefInf>
                <Tp>
                   <CdOrPrtry>
                       <Cd>SCOR</Cd>
                     </CdOrPrtry>
                     <Issr>CUR</Issr>
                  </Tp>
                  <Ref>0010008346912088</Ref>
               </CdtrRefInf>
            </Strd>
          </RmtInf>
        <RltdDts>
            <TxDtTm>2014-01-03T19:07:37</TxDtTm>
          </RltdDts>
       </TxDtls>
    </NtryDtls>
  </Ntry>
    </Stmt>
  </BkToCstmrStmt>
</Document>
